%Entries related to JastAdd and Jajml

@book{JavaSpec,
  address = {Amsterdam},
  author = {James Gosling and Bill Joy and Guy Steele and Gilad Bracha},
  day = 28,
  edition = 3,
  interhash = {8a2d505d75cf9f9897348937116fc4e7},
  intrahash = {7ecc3fb9b3f3b3c322b372c99b0dfa2b},
  pages = 688,
  publisher = {Addison-Wesley Longman},
  title = {The Java Language Specification, Third Edition},
  year = 2005,
  ean = {9780321246783},
  keywords = {Java Language PhD Proposal Specification VM},
  asin = {0321246780},
  isbn = {0321246780},
  biburl = {http://www.bibsonomy.org/bibtex/27ecc3fb9b3f3b3c322b372c99b0dfa2b/gron},
  dewey = {005.133},
  month = {June}
}
