% $Id: linear-logic.bib,v 1.1.1.1 2002/03/26 16:48:03 cclifton Exp $

        @techreport(
Asperti87TR,Author="Asperti, A.",
        Title="A Logic for Concurrency",
        Institution="{Dipartimento di Informatica, Universit\'a di Pisa}",
        Year="1987")

        @inproceedings( % POPL 90
Asperti90,Author="Asperti, A. and G.-L. Ferrari and R. Gorrieri",
        Title="Implicative Formulae in the `Proofs as Computations'
        Analogy",
        Booktitle="Proc. 17-th {ACM} Symp. on Principles of 
        Programming Languages, San Francisco",
        Month="January",
        Year="1990",
        pages="59-71")

        @techreport(
Brown89TR,Author="Brown, C.",
        Title="Relating Petri Nets to Formulae of Linear Logic",
        Institution="LFCS, Edinburgh"
        Year="1989")

        @inproceedings( % LICS 90
BrownGurr90,Author="Brown, C. and D. Gurr",
        Title="A Categorical Linear Framework for {Petri} Nets",
        Booktitle="Proc. 5-th {IEEE} Symp. on Logic in Computer Science,
        Philadelphia",
        Month="June",
        Year="1990")

        @inproceedings( 
GunterGehlot89,Author="Gunter, C.A. and V. Gehlot",
        Title="Nets as Tensor Theories",
        Booktitle="Proc. 10-th International Conference on Application and
        Theory of Petri Nets, Bonn",
        Editor="G. De Michelis",
        Year="1989",
        pages="174-191")

	@techreport(
Kanovich91TR,Author="Kanovich, Max I. ",
	Title="The Multiplicative Fragment of Linear Logic is NP-Compete",
	Institution="University of Amsterdam",
	Number="ITLI-X-91-13",
	Year="1991")

	@inproceedings(  %  FOCS 90
LincolnMSS90,author="Lincoln,P.and Mitchell,J.and Scedrov,A.and Shankar,N.",
	Title="Decision Problems for Propositional Linear Logic",
	Booktitle="Proc. 31st {IEEE} Symp. on Foundations of Computer Science",
	pages="662--671",
	Year="1990")

	@techreport(
LincolnMSS90TR,Author="Lincoln,P.and Mitchell,J.and Scedrov,A.and Shankar,N.",
	Title="Decision Problems for Propositional Linear Logic",
	Institution="CSL, SRI International",
	Number="SRI-CSL-90-08", % 76 pages
	Year="1990")

        @article( % TCS 87
Girard87,Author="Girard, J.-Y.",
        Title="Linear Logic",
        Journal="Theoretical Computer Science",
        Volume="50", 
        Year="1987",
        pages="1-102")

        @misc(
MartiOlietMeseguer89,Author="Mart\'i-Oliet, N. and J. Meseguer",
        Title="From {Petri} Nets to Linear Logic",
        HowPublished="{In: Springer LNCS 389, ed. by D.H. Pitt et al.}",
        Year="1989",
        Note="313-340")


        @book(
ProofsTypes,Author="Girard, J.-Y. and Y. Lafont and P. Taylor",
        Title="Proofs and Types",
        Publisher="Cambrige Tracts in Theoretical Computer Science,
        Cambridge University Press",
        Year="1989")

	@phdthesis(
Bellin90,Author="G. Bellin",
	title = "Mechanizing Proof Theory:
		Resource-Aware Logics and
		Proof-Transformations to Extract Implicit Information",
	school="Stanford University",
	year="1990")

        @article(
DanosRegnier89,Author="Danos, V. and L. Regnier",
        Title="The Structure of Multiplicatives",
        Journal="Archive for Mathematical Logic",
        Volume="28",
        Year="1989",
        pages="181-203")

        @inproceedings(
Lafont90,Author="Lafont, Y.",
        Title="Interaction Nets",
        Booktitle="Proc. 17-th {ACM} Symp. on Principles of 
        Programming Languages, San Francisco",
        Month="January",
        Year="1990",
        pages="95-108")


