% $Id$

@Article{Bourne78, Key="Bourne",
Author="S. R. Bourne",
Title="The UNIX Shell",
Journal="The Bell System Technical Journal",
Volume=57,
Number="6, part 2",
Month="July-August",
Year=1978,
Pages="1971--1990"
}

@Manual{UNIX42, Key="Unix",
Title="Unix Programmer's Manual",
Organization="Computer Science Division,
	Department of Electrical Engineering and Computer Science",
Address="University of California, Berkeley, California",
Edition="4.2 Berkeley Software Distribution, Virtual VAX-11 Version",
Month=Aug,
Year=1983,
Note="Volume I."
}


