% $Id$
% Below is the list of papers published in Volume 5
%
% (Full lists, and postscript bibliographies can be obtained by ftp)


@article{CleavelandHennessy93,	
        title =         "Testing Equivalence as a Bisimulation Equivalence",
        author =        "Rance Cleaveland and Matthew Hennessy",
        journal =       "Formal Aspects of Computing",
        volume =        "5",
        number =        "1",
        pages =         "1--20",
        year =          "1993"
}

@article{LentfertSwierstra93,
        title =         "Distributed Maximum Maintenance on
			 Hierarchically Divided Graphs",
        author =        "P J A Lentfert and S D Swierstra",
        journal =       "Formal Aspects of Computing",
        volume =        "5",
        number =        "1",
        pages =         "21--60",
        year =          "1993"
}

@article{BirdMoor93,
        title =         "List Partitions",
        author =        "R S Bird and O de Moor",
        journal =       "Formal Aspects of Computing",
        volume =        "5",
        number =        "1",
        pages =         "61--78",
        year =          "1993"
}

@article{MassartDevillers93,
	title =         "Equality of Agent Expressions is preserved
			 Under an Extension of the Universe of Actions",
        author =        "T Massart and R Devillers",
        journal =       "Formal Aspects of Computing",
        volume =        "5",
        number =        "1",
        pages =         "79--88",
        year =          "1993"
}

@article{BucciInverardiMartini93,
        title =         "An `Executable' Impredicative Semantics for
			 the {Ada} Configuration",
        author =        "A Bucci and P Inverardi and S Martini",
        journal =       "Formal Aspects of Computing",
        volume =        "5",
        number =        "2",
        pages =         "91--120",
        year =          "1993"
}

@article{Weber-Wulff93,
        title =         "Proof Movie -- A Proof with the {Boyer-Moore} Prover",
        author =        "Debora Weber-Wulff",
        journal =       "Formal Aspects of Computing",
        volume =        "5",
        number =        "2",
        pages =         "121--151",
        year =          "1993"
}

@article{Williams93,
        title =         "The Applicability of Discrete Performance
			 Estimation Methods to {VLSI} Design",
        author =        "Alan Williams",
        journal =       "Formal Aspects of Computing",
        volume =        "5",
        number =        "2",
        pages =         "152--176",
        year =          "1993"
}

@article{Hense93,
        title =         "Denotational Semantics of an Object-Oriented
				Programming Language with Explicit Wrappers",
        author =        "Andreas V Hense",
        journal =       "Formal Aspects of Computing",
        volume =        "5",
        number =        "3",
        pages =         "181--207",
        year =          "1993"
}

@article{Owe93,
        title =         "Partial Logics Reconsidered: A Conservative Approach",
        author =        "Olaf Owe",
        journal =       "Formal Aspects of Computing",
        volume =        "5",
        number =        "3",
        pages =         "208--223",
        year =          "1993"
}

@article{QuemadaFrutosAzcorra93,
        title =         "{TIC}: A {TImed} Calculus",
        author =        "Juan Quemada and David de Frutos and Arturo Azcorra",
        journal =       "Formal Aspects of Computing",
        volume =        "5",
        number =        "3",
        pages =         "224--252",
        year =          "1993"
}

@article{MiguelFernandezVidaller93,
        title =         "{LOTOS} Extended with Probablistic Behaviours",
        author =        "Carlos Miguel and Angel Fern\'{a}ndez and
			Leon Vidaller",
        journal =       "Formal Aspects of Computing",
        volume =        "5",
        number =        "3",
        pages =         "253--281",
        year =          "1993"
}

@article{StoddartKnaggs93,
        title =         "Type Interference in Stack Based Languages",
        author =        "Bill Stoddart and Peter J Knaggs",
        journal =       "Formal Aspects of Computing",
        volume =        "5",
        number =        "4",
        pages =         "289--298",
        year =          "1993"
}

@article{MukherjeeStavridou93,
        title =         "The Formal Specification of Safety
			Requirements for Storing Explosives",
        author =        "Paul Mukherjee and Victoria Stavridou",
        journal =       "Formal Aspects of Computing",
        volume =        "5",
        number =        "4",
        pages =         "299--336",
        year =          "1993"
}

@article{Dennis-JonesRydeheard93,
        title =         "Categorical {ML} --
			Category-Theoretic Modular Programming",
        author =        "Esther Dennis-Jones and David E Rydeheard",
        journal =       "Formal Aspects of Computing",
        volume =        "5",
        number =        "4",
        pages =         "337--366",
        year =          "1993"
}

@article{GardinerMorgan93,		
        title =         "A Single Complete Rule for Data Refinement",
        author =        "P H B Gardiner and Carroll Morgan",
        journal =       "Formal Aspects of Computing",
        volume =        "5",
        number =        "4",
        pages =         "367--382",
        year =          "1993"
}

@article{Weber93,		
        title =         "Definition and Basic Properties of the
			{Deva Meta-Calculus}",
        author =        "Matthias Weber",
        journal =       "Formal Aspects of Computing",
        volume =        "5",
        number =        "5",
        pages =         "391--431",
        year =          "1993"
}

@article{HennessyIngolfsdottir93,		
        title =         "Communicating Processes with Value-passing and
			Assignments", 
        author =        "M Hennessy and A Ing\'{o}lfsd\'{o}ttir",
        journal =       "Formal Aspects of Computing",
        volume =        "5",
        number =        "5",
        pages =         "432--466",
        year =          "1993"
}

@article{Brebner93,		
        title =         "A {CCS-based} Investigation of Deadlock in a
			Multi-process Electronic Mail System",
        author =        "Gordon Brebner",
        journal =       "Formal Aspects of Computing",
        volume =        "5",
        number =        "5",
        pages =         "467--478",
        year =          "1993"
}

@article{BaetenBergstra93,		
        title =         "Real Space Process Algebra",
        author =        "J C M Baeten and J A Bergstra",
        journal =       "Formal Aspects of Computing",
        volume =        "5",
        number =        "6",
        pages =         "481--529",
        year =          "1993"
}

@article{DaviesSchneider93,		
        title =         "Recursion Induction for Real-Time Processes",
        author =        "Jim Davies and Steve Schneider",
        journal =       "Formal Aspects of Computing",
        volume =        "5",
        number =        "6",
        pages =         "530--553",
        year =          "1993"
}

@article{Hesselink93,		
        title =         "Proof Rules for Recursive Procedures",
        author =        "Wim H Hesselink",
        journal =       "Formal Aspects of Computing",
        volume =        "5",
        number =        "6",
        pages =         "554--570",
        year =          "1993"
}


