% $Id$
% A bibliography about operating systems and portability,
%	 especially portable operating systems.

@Article(Bodenstab-etal, Key="Bodenstab, @i(et al.)",
Author="D. E. Bodenstab, T. F. Houghton, K. A. Kelleman, G. Ronkin,
	and E. P. Schan",
Title="UNIX Operating System Porting Experiences",
Journal=BSTJ,
Volume=63,
Number=8,
Month=Oct,
Year=1984,
Pages=1769-1790,
Annote="Discusses porting the UNIX kernal to 4 different computers.
	10 references."
)

@Article(Habermann&Flon&Cooprider76, Key="Habermann & Flon & Cooprider",
Author="A. N. Habermann, Lawrence Flon, and Lee Cooprider",
Title="Modularization and Hierarchy in a Family of Operating Systems",
Journal=CACM,
Volume=19,
Number=5,
Year=1976,
Month=May,
Pages=266-272,
Annote="Design philosophy for a family of operating systems.
	Family members share software.  Concepts of module and level
	do not coincide in a hierarchy of functions.
	9 references."
)


@Article(Jones&Schwarz80, Key="Jones & Schwarz",
Author="A. K. Jones and P. Schwarz",
Title="Experience Using Multiprocessor Systems--A Status Report",
Journal=ACMCS,
Volume=12,
Year=1980,
Pages=121-165
)

@Article(Zwaenpoel&Lantz84, Key="Zwaenpoel & Lantz",
Author="Willy Zwaenpoel and Keith A. Lantz",
Title="Perseus:  Retrospective on a Portable Operating System",
Journal=SP&E,
Volume=14,
Number=1,
Month=Jan,
Year=1984,
Pages=31-48
)
