@Misc{Arendt18,
  author = 	 {Wolfgang Ahrendt},
  title = 	 {The Java Modeling Language â€“ a Basis for Static and Dynamic Verification},
  howpublished = {https://youtu.be/9ItK0jxJ0oQ},
  month = 	 {Jun},
  year = 	 2018,
  annote = 	 {Video from the Winter School on Runtime Verification of March 2018.}
}


@Misc{DG2020,
  author = 	 {D G},
  title = 	 {Formal Verification of Java Programs Using JML, Part I},
  howpublished = {https://youtu.be/2JGdhKU7eIs},
  month = 	 {Jun},
  year = 	 2020,
  annote = 	 {Accessed 9/28/2021.}
}

